@inproceedings{Finke2008,
	author={Finke, Matthias and Tang, Anthony and Leung, Rock and Blackstock, Michael},
	title={Lessons Learned: Game Design for Large Public Displays},
	booktitle={Proceedings of the 3rd International Conference on Digital Interactive Media in Entertainment and Arts},
	series={DIMEA '08},
	pages={26-33},
	year={2008},
	publisher={ACM},
	location={New York, NY, USA}
}

@inproceedings{Hochleitner2013,
	author={Hochleitner, Wolfgang and Lankes, Michael and Diephuis, Jeremiah and Hochleitner, Christina},
	title={Limelight â€“ Fostering Sociability in a Co-located Game},
	booktitle={Proceedings of the CHI 2013 Workshop on Designing and Evaluating Sociability in Online Video Games},
	series={CHI '13},
	pages={23-28},
	year={2013},
	location={Paris, France}
}

@book{Schell2008,
	author={Schell, Jesse},
	title={The Art of Game Design},
	subtitle={A Book of Lenses},
	publisher={Morgan Kaufmann Publishers Inc.},
	year={2008},
	location={San Francisco, CA, USA}
}